@book{knuth1984,
  author = {Donald E. Knuth},
  title = {The \TeX book},
  publisher = {Addison-Wesley},
  year = {1984}
}

@book{lamport1994,
  author = {Leslie Lamport},
  title = {LaTeX: A Document Preparation System},
  publisher = {Addison-Wesley},
  year = {1994}
}